@article{Ghulam2018DesignApplication,
    title = {{Design and Development of an Android-based Supply Chain Tracking Application}},
    year = {2018},
    author = {Ghulam, Atif and Zurich, Nabi and Niya, Sina Rafati and John, Eder and Date, Scheid},
    keywords = {ghulam2018}
}